%%%%%%%%%%%%%
%%       примеры       %%
%%%%%%%%%%%%%

% ГОСТ Р 7.0.11-2011, Приложение Б, Диссертации

@BOOK{Pokrovski,
  author = {Покровский, Андрей Владимирович},
  title = {Устранимые особенности решений эллиптических уравнений: дис. ... д-ра физ.-мат. наук: 01.01.01},
  address = {М.},
  year = {2008},
  numpages = {178},
  language = {russian}
}

% ГОСТ Р 7.0.11-2011, Приложение Б, Авторефераты диссертаций
@BOOK{Sirotko,
  author = {Сиротко, Владимир Викторович},
  title = {Медико-социальные аспекты городского травматизма в современных условиях : автореф. дис. ... канд. мед. наук : 14.00.33},
  address = {М.},
  year = {2006},
  numpages = {26},
  language = {russian}
}

@BOOK{Lukina,
  author = {Лукина, Валентина Александровна},
  title = {Творческая история «Записок охотника» И. С. Тургенева: автореф. дис. ... канд. филол. наук : 10.01.01},
  address = {СПб.},
  year = {2006},
  numpages = {26},
  language = {russian}
}

% ГОСТ Р 7.0.11-2011, Приложение Б, Отчёты о научно-исследовательской работе
@BOOK{Methodology,
  author = {Загорюев, А. Л.},
  title = {Методология и методы изучения военно-профессиональной направленности подростков: отчёт о НИР},
  address = {Екатеринбург},
  institution = {Уральский институт практической психологии},
  year = {2008},
  numpages = {102},
  language = {russian}
}

% ГОСТ Р 7.0.11-2011, Приложение Б, Электронные ресурсы

@ARTICLE{Nasirova,
  author = {Насырова, Г. А.},
  title = {Модели государственного регулирования страховой деятельности [Электронный ресурс]},
  journal = {Вестник Финансовой академии},
  year = {2003},
  number = {4},
  note = {Режим доступа: http://vestnik.fa.ru/4(28)2003/4.html},
  language = {russian}
}

%%% Реальные примеры

% Инициалы должны быть записаны после запятой, с точками, через пробел
% http://www.kit-e.ru/articles/elcomp/2006_12_124.php
% Подчёркивания в ссылке приходится экранировать
% http://www.kit-e.ru/articles/elcomp/2006\_12\_124.php
@online{medvedev2006jelektronnye,
  title={Электронные компоненты и монтажные подложки},
  author={Медведев, А. М.},
  journal={Компоненты и технологии},
  number={12},
  pages={124--134},
  year={2006},
  medium={Электронный ресурс},
  url = {http://www.kit-e.ru/articles/elcomp/2006\_12\_124.php},
  urldate = {19.01.2015},
  language = {russian}
}

%%%%%%%%%%%%%
%% конец примеров %%
%%%%%%%%%%%%%

@article{matsumoto1998mersenne,
  title={Mersenne twister: a 623-dimensionally equidistributed uniform pseudo-random number generator},
  author={Matsumoto, Makoto and Nishimura, Takuji},
  journal={ACM Transactions on Modeling and Computer Simulation (TOMACS)},
  volume={8},
  number={1},
  pages={3--30},
  year={1998},
  publisher={ACM},
  language = {english}
}

@book{sriram2006area,
  title={An area time efficient field programmable Mersenne Twister uniform random number generator},
  author={Sriram, V. and Kearney, D.},
  pages={244--246},
  year={2006},
  address={New York : Citeseer},
  language = {english}
}

@book{kd2004,
author = {Ковтун, Д. Г.},
numpages = {122},
address = {Волгоград},
title = {Динамика релятивистского электронного потока в скрещенных полях : дис. ... канд. физ.-мат. наук: 01.01.01 : защищена 06.06.04},
year = {2004},
language = {russian}
}

@book{openMPbook,
  title={Параллельные программирование с использованием технологии МРI},
  author={Антонов, А. С.},
  year={2009},
  publisher={Москва : Изд-во МГУ}
  pages = {71},
}

@online{habr_rand,
  title = {Псевдослучайно vs. По-настоящему Случайно [Электронный ресурс]},
  year = {2012},
  url = {https://habrahabr.ru/post/137864/},
  urldate = {06.02.2016},
  organization = {Habrahabr},
  language = {russian}
}


@online{habr1,
  title = {Про техники оптимизации [Электронный ресурс]},
  year = {2011},
  url = {http://habrahabr.ru/post/111021/},
  urldate = {05.02.2016},
  author = {Степанова, Е. К.},
  organization = {Habrahabr},
  language = {russian}
}

@online{habr2,
  title = {Введение в технику оптимизации циклов [Электронный ресурс]},
  year = {2011},
  url = {https://habrahabr.ru/post/124910/},
  urldate = {05.02.2016},
  organization = {Habrahabr},
  language = {russian}
}


@online{T15,
  title = {Термоядерная установка Токамак Т-15 [Электронный ресурс]},
  year = {2016},
  url = {http://www.nrcki.ru/pages/main/6015/8698/7145/index.shtml},
  urldate = {04.02.2016},
  organization = {НИЦ <<Курчатовский институт>>},
  language = {russian}
}


@online{globus-m,
  title = {Сферический токамак Глобус-М/Глобус-М (УНУ Глобус-М) [Электронный ресурс]},
  year = {2015},
  url = {http://www.ckp-rf.ru/usu/73569/},
  urldate = {04.02.2016},
  organization = {Современная исследовательская инфраструктура РФ},
  language = {russian}
}

@article{wan2009recent,
  title={Recent experiments in the EAST and HT-7 superconducting tokamaks},
  author={Wan, B.},
  journal={Nuclear Fusion},
  volume={49},
  number={10},
  pages={1040--1058},
  year={2009},
  publisher={IOP Publishing},
  language = {english}
}

@online{plasma_nsu,
  title = {Физика плазмы для магистрантов физического факультетра НГУ [Электронный ресурс] / В. В. Поступаев},
  year = {2015},
  url = {http://www.inp.nsk.su/chairs/plasma/sk/fpl.ru.shtml},
  urldate = {25.08.2015},
  author = {Поступаев, В. В.},
  organization = "НГУ",
  language = {russian}
}

@online{JT-60SA,
  title = {JT-60SA [Electronic resource]},
  year = {2015},
  url = {http://www.jt60sa.org/b/index.htm},
  urldate = {04.02.2016},
  %author = {Поступаев, В. В.},
  %organization = "Max-Planck-Institit fur Plasmaphysik",
  language = {english}
}


@online{Max_plankINST,
  title = {The first plasma: the Wendelstein 7-X fusion device is now in operation [Electronic resource]},
  year = {2015},
  url = {http://www.ipp.mpg.de/3984226/12_15},
  urldate = {04.02.2016},
  %author = {Поступаев, В. В.},
  organization = "Max-Planck-Institit fur Plasmaphysik",
  language = {english}
}

@book{Kubic2007,
author =  {Kubic, M.},
title = {Review of plasma parameters of the JET tokamak in various regimes of its operation: bachelor thesis: 31.07.2007},
address = {Praga},
year = {2007},
numpages = {43},
language = {english}
}

@article{Galanin2014,
author = {Галанин, М. П. and Лукин, В. В. and Шаповалов, К. Л.},
journal = {Вычислительные методы и программирование},
pages = {143--153},
title = {Моделирование развития магниторотационной неустойчивости с ипользованием параллельного RKDG алгоритма для ситемы уравнений магнитной гидродинамики},
volume = {15},
year = {2014},
language = {russian}
}
@article{Pattison2008,
author = {Pattison, M. J. and Premnath, K. N. and Morley, N. B. and Abdou, M. a.},
doi = {10.1016/j.fusengdes.2007.10.005},
issn = {09203796},
journal = {Fusion Engineering and Design},
keywords = {High Hartmann number flows,Lattice Boltzmann method,Magnetohydrodynamics,Parallel computing},
number = {4},
pages = {557--572},
title = {{Progress in lattice Boltzmann methods for magnetohydrodynamic flows relevant to fusion applications}},
volume = {83},
year = {2008},
language = {english}
}

@article{Zhang2007,
author = {Zhang, Haiou and Hu, Shengde and Wang, Guilan and Zhu, Jieying},
issn = {0307904X},
journal = {Applied Mathematical Modelling},
keywords = {lattice boltzmann method,plasma jet,simulation and modeling},
number = {6},
pages = {1124--1132},
title = {Modeling and simulation of plasma jet by lattice Boltzmann method},
volume = {31},
year = {2007},
language = {english}
}

@article{Mendoza2010,
archivePrefix = {arXiv},
arxivId = {0806.2678},
author = {Mendoza, M and Mu{\~{n}}oz, J D},
doi = {10.1103/PhysRevE.82.056708},
eprint = {0806.2678},
file = {:home/ivan/Documents/science/работы/Ковтун Д.Г/references/math methods/kinetic theory/M. Mendoza/2010{\_}Three-dimensional lattice Boltzmann model for electrodynamics.pdf:pdf},
isbn = {1550-2376 (Electronic)$\backslash$n1539-3755 (Linking)},
issn = {15393755},
journal = {Physical Review E - Statistical, Nonlinear, and Soft Matter Physics},
number = {5},
pages = {1--13},
pmid = {21230620},
title = {{Three-dimensional lattice Boltzmann model for electrodynamics}},
volume = {82},
year = {2010},
language={english}
}
@article{Romatschke2011,
archivePrefix = {arXiv},
arxivId = {1106.1093},
author = {Romatschke, P. and Mendoza, M. and Succi, S},
doi = {10.1103/PhysRevC.84.034903},
eprint = {1106.1093},
issn = {0556-2813},
journal = {Physical Review C},
number = {3},
pages = {034903},
title = {{Fully relativistic lattice Boltzmann algorithm}},
volume = {84},
year = {2011},
language={english}
}
@article{Mendoza2011,
abstract = {Hereby we summarize a recently developed 3D lattice-Boltzmann method for the simulation of Maxwell equations in materials, and we illustrate its performance by computing the time evolution of electromagnetic fields inside a non-linear dielectric medium. The model allows for both dielectrics and conductors with realistic parameters and has computed the most diverse electromagnetic problems (including micro-strips and antennas), all with 2{\{}{\%}{\}} accuracy. Preliminary tests showed that it is one order of magnitude faster than the original finite-difference time-domain scheme formulated by Yee to reach the same accuracy. To illustrate the power of the new solver, we simulate the time evolution of a cylindrical electromagnetic wave through a non-linear and non-dispersive medium and the resonant modes of a cylindrical cavity filled with that medium. Our results are in excellent agreement with the analytic solutions by E. Y. Petrov and A. V. Kudrin for the same cases. The model constitutes, therefore, a valuable alternative to compute electromagnetic fields, even in non-linear media.},
author = {Mendoza, M. and Munoz, J. D.},
file = {:home/ivan/Documents/science/работы/Ковтун Д.Г/references/math methods/kinetic theory/M. Mendoza/2011{\_}A Reliable Lattice-Boltzmann Solver for Electrodynamics.pdf:pdf},
issn = {15599450},
journal = {PIERS Proceedings, Marrakesh, MOROCCO, March 20–23, 2011},
pages = {1632--1636},
title = {{A Reliable Lattice-Boltzmann Solver for Electrodynamics : New Applications in Non-linear Media}},
volume = {1},
year = {2011},
language={english}
}
@article{Mendoza2008,
abstract = {In this paper we develop a 3D Lattice-Boltzmann model that recovers in the continuous limit the two-fluids theory for plasmas, and consecuently includes the generalizated Ohm's law. The model reproduces the magnetic reconnection process just by given the right initial equlibrium conditions in the magnetotail, without any assumption on the resistivity in the diffusive region. In this model, the plasma is handled like two fluids with an interaction term, each one with distribution functions associated to a cubic lattice with 19 velocities (D3Q19). The electromagnetic fields are considered like a third fluid with an external force on a cubic lattice with 13 velocities (D3Q13). The model can simulate either viscous fluids in the incompressible limit or non-viscous compressible fluids, and sucessfully reproduces both the Hartmann flow and the magnetic reconnection in the magnetotail. The reconnection rate obtained with this model is R=0.109, which is in excellent agreement with the observations.},
archivePrefix = {arXiv},
arxivId = {physics/0604210},
author = {Mendoza, M and Mu{\~{n}}oz, J D},
doi = {10.1103/PhysRevE.77.026713},
eprint = {0604210},
file = {:home/ivan/Documents/science/работы/Ковтун Д.Г/references/math methods/kinetic theory/M. Mendoza/2008{\_}Three-dimensional lattice Boltzmann model for magnetic reconnection.pdf:pdf},
issn = {1539-3755},
journal = {Physical Review E},
keywords = {Computational Physics,Plasma Physics},
number = {2},
pages = {11},
pmid = {18352154},
primaryClass = {physics},
title = {{Three-dimensional lattice Boltzmann model for magnetic reconnection}},
volume = {77},
year = {2008},
language={english}
}
@article{Hupp2011,
abstract = {In this paper, we investigate the recently developed lattice Boltzmann model for relativistic hydrodynamics. To this purpose, we perform simulations of shock waves in quark-gluon plasma in the low and high viscosities regime, using three different computational models, the relativistic lattice Boltzmann (RLB), the Boltzmann Approach Multi-Parton Scattering (BAMPS), and the viscous sharp and smooth transport algorithm (vSHASTA). From the results, we conclude that the RLB model departs from BAMPS in the case of high speeds and high temperature(viscosities), the departure being due to the fact that the RLB is based on a quadratic approximation of the Maxwell-J$\backslash$"uttner distribution, which is only valid for sufficiently low temperature and velocity. Furthermore, we have investigated the influence of the lattice speed on the results, and shown that inclusion of quadratic terms in the equilibrium distribution improves the stability of the method within its domain of applicability. Finally, we assess the viability of the RLB model in the various parameter regimes relevant to ultra-relativistic fluid dynamics.},
archivePrefix = {arXiv},
arxivId = {1109.0640},
author = {Hupp, Daniel and Mendoza, Miller and Bouras, I. and Succi, Sauro and Herrmann, Hans J.},
doi = {10.1103/PhysRevD.84.125015},
eprint = {1109.0640},
file = {:home/ivan/Documents/science/работы/Ковтун Д.Г/references/math methods/kinetic theory/M. Mendoza/2011{\_}D. Hupp, M. Mendoza, S. Succi, H. J. Herrmann, Relativistic lattice Boltzmann method for quark-gluon plasma.pdf:pdf},
issn = {15507998},
journal = {Physical Review D - Particles, Fields, Gravitation and Cosmology},
number = {12},
pages = {1--11},
title = {{Relativistic lattice Boltzmann method for quark-gluon plasma simulations}},
volume = {84},
year = {2011},
language={english}
}


@article{chang1992unified,
  title={Unified fluid/kinetic description of plasma microinstabilities. Part I: Basic equations in a sheared slab geometry},
  author={Chang, Zuoyang and Callen, JD},
  journal={Physics of Fluids B: Plasma Physics (1989-1993)},
  volume={4},
  number={5},
  pages={1167--1181},
  year={1992},
  publisher={AIP Publishing},
  language={english}
}


@article{dawson1983particle,
  title={Particle simulation of plasmas},
  author={Dawson, J. M.},
  journal={Reviews of modern physics},
  volume={55},
  number={2},
  pages={403-447},
  year={1983},
  publisher={APS}
}

@article{umeda2003new,
  title={A new charge conservation method in electromagnetic particle-in-cell simulations},
  author={Umeda, T. and Omura, Y. and Tominaga, T. and Matsumoto, H.},
  journal={Computer Physics Communications},
  volume={156},
  number={1},
  pages={73--85},
  year={2003},
  publisher={Elsevier},
  language = {english}
}

@article{Rylander200075,
	title = {Stable FEM-FDTD hybrid method for Maxwell's equations},
	author = {Rylander, T. and Bondeson, A.},
	journal = {Computer Physics Communications},
	volume = {125},
	number = {3},
	pages = {75--82},
	year = "2000",
	note = "",
    language = "english"
}


@article{de2002solving,
  title={Solving the Maxwell equations by the Chebyshev method: A one-step finite-difference time-domain algorithm},
  author={De Raedt, H. and Michielsen, K. and Kole, J. S.},
  journal={Preprint physics},
  volume = {7},
  number = {3},
  pages = {95--102},
  year={2002},
  language = {egnlish}
}

@article{melo2009computational,
  title={Computational environment for simulating lightning strokes in a power substation by finite-difference time-domain method},
  author={Melo e Silva de Oliveira, R. and da Silva Souza Sobrinho, C. L.},
  journal={Electromagnetic Compatibility, IEEE Transactions on},
  volume={51},
  number={4},
  pages={995--1000},
  year={2009},
  publisher={IEEE},
  language = {english}
}

@article{chaudhury2010computational,
  title={Computational studies of filamentary pattern formation in a high power microwave breakdown generated air plasma},
  author={Chaudhury, B. and Boeuf, J.-P.},
  journal={Plasma Science, IEEE Transactions on},
  volume={38},
  number={9},
  pages={2281--2288},
  year={2010},
  publisher={IEEE},
  language={english}
}

@article{yee1966numerical,
  title={Numerical solution of initial boundary value problems involving Maxwell’s equations in isotropic media / K. S. Yee [et al.]},
  journal={IEEE Trans. Antennas Propag},
  volume={14},
  number={3},
  pages={302--307},
  year={1966},
  language={english}
}

@online{DOL_code,
  title = {Нестационарная модель открытой ловушки с плещущимися ионами (код DOL,
версия 1.13) [Электронный ресурс] / Ю. А. Цидулко},
  year = {2015},
  author = {Цидулко, Ю. А.},
  url = {http://budker.ru/documents/-2-Issledovanija/Ustanovki/GDL/dol.pdf},
  urldate = {01.02.2016},
  language = {russian}
}

@book{Flower2007,
  title={Применение численных методов для моделирования процессов в
плазме: учебное пособие},
  author={Цветков, И. В.},
  publisher={Москва : МИФИ},
  pages={84},
  year={2007},
  language = {russian}
}

@article{beklemishev2010vortex,
  title={Vortex confinement of plasmas in symmetric mirror traps},
  author={Beklemishev, A. D. and Bagryansky, P. A. and Chaschin, M. S.},
  journal={Fusion science and technology},
  volume={57},
  number={4},
  pages={351--360},
  year={2010},
  publisher={American Nuclear Society},
  language={english}
}

@article{dimov2005,
  title={Амбиполярная ловушка},
  author={Димов, Г. И.},
  journal={Успехи физических наук},
  volume={175},
  number={11},
  pages={1185--1206},
  year={2005},
  language = {russian}
}

@article{sumida2015high,
  title={High-Density Plasma Production in the GAMMA 10 Central Cell with ICRF Heating on Both Anchor Cells},
  author={Sumida, S. and Ichimura, M. and Yokoyama, T. and Hirata, M. and Ikezoe, R. and Iwamoto, Y. and Okada, T. and Takeyama, K. and Jang, S. and Sakamoto, M. and others},
  journal={Fusion Science and Technology},
  volume={68},
  number={1},
  year={2015},
  numpages = {445--451},
  publisher={American Nuclear Society}
}

@article{imai2013gamma,
  title={GAMMA 10/PDX project status and future},
  author={Imai, T.},
  journal={Fusion Science and Technology},
  volume={63},
  number={1},
  pages={8--15},
  year={2013},
  publisher={American Nuclear Society}
}


@online{gol3_review,
  title = {Описание установки ГОЛ-3 [Электронный ресурс]},
  year = {2015},
  url = {http://budker.ru/ru/Infrasructure/Ustanovki/GOL-3/GOL-3_02/},
  urldate = {31.01.2016},
  organization = "ИЯФ СО РАН",
  language = {russian}
}


@online{gdl_review,
  title = {Описание газодинамической ловушки [Электронный ресурс]},
  year = {2013},
  url = {http://budker.ru/ru/Infrasructure/Ustanovki/GDL/GDT/},
  urldate = {31.01.2016},
  howpublished = "Институт ядерной физики",
  organization = "Новосибирск",
  language = {russian}
}


@online{gol3_prog,
  title = {Программа исследований ГОЛ-3 [Электронный ресурс] / Институт ядерной физики},
  year = {2015},
  url = {http://budker.ru/ru/Infrasructure/Ustanovki/GOL-3/GOL-3_03/},
  urldate = {31.01.2016},
  address = {Новосибирск},
  language = {russian}
}

@online{gamma10_code,
  title = {Computer code [Electronic resource] / The University of Tsukuba},
  year = {2015},
  url = {http://www.prc.tsukuba.ac.jp/wp/},
  urldate = {31.01.2016},
  %howpublished = "The University of Tsukuba",
  %organization = "Plasma Research Center",
  language = {english}
}


@online{gamma10_review,
  title = {Overview of Axisymmetrized Tandem Mirror GAMMA10 [Electronic resource]},
  year = {2016},
  url = {http://www.prc.tsukuba.ac.jp/en/?page_id=795},
  howpublished = "The University of Tsukuba",
  organization = "Plasma Research Center",
  urldate = {31.01.2016},
  language = {english}
}

@online{gamma10_history,
  title = {History of GAMMA10 [Electronic resource]},
  year = {2016},
  url = {http://www.prc.tsukuba.ac.jp/en/?page_id=447},
  howpublished = "The University of Tsukuba",
  organization = "Plasma Research Center",
  urldate = {31.01.2016},
  language = {english}
}

@article{nakashima2013first,
  title={First Results and Future Research Plan of Divertor Simulation Experiments Using D-Module in the End-Cell of the GAMMA 10/PDX Tandem Mirror},
  author={Nakashima, Y and others},
  journal={Fusion Science and Technology},
  volume={63},
  number={1T},
  pages={100--105},
  year={2013},
  publisher={American Nuclear Society},
  language = {english}
}

@article{kotelnikov2008,
  title={Генезис плазмы, или история одного слова},
  author={И. А. Котельников},
  journal={Вестник Новосибирского государственного университета. Серия: Физика},
  volume={3},
  number={2},
  year={2008},
  pages = {23--28},
  publisher={Новосибирский государственный университет},
  language = {russian}
}

@article{Lawson,
  author={Lawson, J. D.},
  title={Some Criteria for a Power Producing Thermonuclear Reactor},
  journal={Proceedings of the Physical Society. Section B},
  volume={70},
  number={1},
  pages={6},
  year={1957},
}
	

@book{kotelnikov,
  title={Лекции по физике плазмы},
  author={И. А. Котельников and Г. В. Ступаков},
  year={1996},
  address = {Новосибирск },
  language = {russian},
  numpages = {138}
}

@book{lukyanov,
  title={Горячая плазма и управляемый термоядерный синтез: Учеб. для вузов},
  author={Лукьянов, С. Ю. and Ковальский, Н. Г.},
  address={Москва },
  publisher={НАУКА},
  year={1999},
  language={russian},
  numpages = {397}
}

@book{sivuhin5,
  title={Общий курс физики: В 5 т. Т. 5. Атомная и ядерная физика},
  author={Сивухин, Д. В.},
  address={Москва },
  publisher={Физматлит, МФТИ},
  year={2002},
  language = {russian},
  numpages = {784}
}

@book{ivanov2012,
  title={Как понимать квантовую механику},
  author={Иванов, М. Г. },
  publisher={М.--Ижевск: НИЦ <<Регулярная и хаотическая динамика>>},
  year={2012},
  language = {russian},
}

@book{archenovich,
  title={Физика плазмы для физиков},
  author={Арцимович, Л. А. and Сагдеев, Р. З.},
  year={1979},
  publisher={Атомиздат},
  language = {russian},
  address={Москва },
  numpages={320}
}

@book{golant,
  title={Основы физики плазмы},
  author={Голант, В. Е. and Жилинский, А. П. and Сахаров, И. Е.},
  year={1977},
  publisher={Атомиздат},
  address={Москва },
  language = {russian},
  numpages={384}
}

@BOOK{Landau2,
  title={Теоретическая физика. Теория поля},
  author={Ландау, Л. Д. and Лифшиц, Е. М.},
  address = {Москва },
  year={1988},
  publisher={Наука},
  language = {russian},
  numpages = {460},
}

@book{fiht2,
  title={Курс интегрального и дифференциального исчисления},
  author={Фихтенгольц, Г. М.},
  publisher={М.: Физматгиз},
  volume={2},
  year={1959},
  language = {russian},
}

@book{dnestrovsky,
  title={Математическое моделирование плазмы},
  author={Днестровский, Ю. Н. and Костомаров, Д. П.},
  year={1993},
  address = {Москва },
  publisher={Физматлит},
  language = {russian},
  numpages = {336}
}

@book{iliin_algebra,
  title={Линейная алгебра и аналитическая геометрия},
  author={Ильин, В. А. and Ким, Г. Д.},
  year={1998},
  numpages = {320},
  publisher={Москва : НАУКА},
  language = {russian},
}

@book{butcher1987numerical,
  title={The numerical analysis of ordinary differential equations: Runge-Kutta and general linear methods},
  author={Butcher, J. C.},
  year={1987},
  publisher={New York : Wiley-Interscience},
  language = {english},
  numpages = {231}
}

@book{bronshtein-math,
  title={Справочник по математике},
  author={Бронштейн, И. Н. and Семендяев, К. А. and Ардинг, Р.},
  year={1996},
  publisher={Москва : УРСС},
  numpages = {471},
  language = {russian},
}


@article{Hupp2011,
archivePrefix = {arXiv},
arxivId = {1109.0640},
author = {Hupp, D. and Mendoza, M. and Bouras, I.},
doi = {10.1103/PhysRevD.84.125015},
eprint = {1109.0640},
issn = {15507998},
journal = {Physical Review D - Particles, Fields, Gravitation and Cosmology},
number = {12},
pages = {1--11},
title = {{Relativistic lattice Boltzmann method for quark-gluon plasma simulations}},
volume = {84},
year = {2011}
}

@article{Kovtun2005,
author = {Ковтун, Д. Г. and Шеин, А. Г. and Насачев А. Г.},
journal = {Радиотехника и электроника},
volume = {10},
pages = {114--118},
title = {Особенности моделирования поведения релятивистского электронного потока в скрещенных полях},
year = {2005},
language = {russian}
}

@article{Kovtun2010,
author = {Ковтун, Д. Г. and Кравченя, П. Д. and Шеин, А. Г.},
address = {Волгоград },
journal = {Известия ВолгГТУ},
number = {10},
keywords = {crossed fields,method of mirror images,relativistic beam,shape of beam},
pages = {30--36},
title = {Влияние металлических стенок пространства взаимодействия на форму релятивистских электронных потоков, движущихся в скрещенных полях},
year = {2010},
language = {russian}
}

@article{Kravchenya2010,
auther = {Кравченя, П. Д. and Шеин, А. Г. and Ильин, Ю. М.},
journal = {Известия ВолгГТУ},
pages = {47--51},
title = {Исследование виртуального катода ленточных релятивистских электронных потоков},
year = {2010},
number = {2},
language = {russian}
}

@article{Mendoza2011,
author = {Mendoza, M. and Mu{\~{n}}oz, J. D.},
issn = {15599450},
journal = {PIERS Proceedings, Marrakesh, MOROCCO, March 20–23, 2011},
pages = {1632--1636},
title = {{A Reliable Lattice-Boltzmann Solver for Electrodynamics : New Applications in Non-linear Media}},
volume = {1},
year = {2011}
}

@article{Mendoza2008,
archivePrefix = {arXiv},
arxivId = {physics/0604210},
author = {Mendoza, M. and Mu{\~{n}}oz, J. D.},
doi = {10.1103/PhysRevE.77.026713},
eprint = {0604210},
file = {:home/ivan/Documents/science/работы/Ковтун Д.Г/references/math methods/kinetic theory/M. Mendoza/2008{\_}Three-dimensional lattice Boltzmann model for magnetic reconnection.pdf:pdf},
issn = {1539-3755},
journal = {Physical Review E},
keywords = {Computational Physics,Plasma Physics},
number = {2},
pages = {11},
pmid = {18352154},
primaryClass = {physics},
title = {Three-dimensional lattice Boltzmann model for magnetic reconnection},
volume = {77},
year = {2008}
}

@article{Mendoza2010,
archivePrefix = {arXiv},
arxivId = {0806.2678},
author = {Mendoza, M. and Mu{\~{n}}oz, J. D.},
doi = {10.1103/PhysRevE.82.056708},
eprint = {0806.2678},
isbn = {1550-2376 (Electronic)$\backslash$n1539-3755 (Linking)},
issn = {15393755},
journal = {Physical Review E - Statistical, Nonlinear, and Soft Matter Physics},
number = {5},
pages = {1--13},
pmid = {21230620},
title = {{Three-dimensional lattice Boltzmann model for electrodynamics}},
volume = {82},
year = {2010}
}
%%%%%%%%%%%%%%%%%%%%
% проверить
@online{Miloch2014,
author = {Miloch, W. J.},
title = {Plasma Physics and Numerical Simulations [Electronic source] / W. J. Miloch},
urldate = {06.02.2016},
year = {2014},
url = {http://www.uio.no/studier/emner/matnat/math/MEK4470/h14/plasma.pdf},
language = {english}
}
%%%%%%%%%%%%%%%

@article{Pattison2008,
author = {Pattison, M. J. and Premnath, K. N. and Morley, N. B.},
doi = {10.1016/j.fusengdes.2007.10.005},
issn = {09203796},
journal = {Fusion Engineering and Design},
number = {4},
pages = {557--572},
title = {{Progress in lattice Boltzmann methods for magnetohydrodynamic flows relevant to fusion applications}},
volume = {83},
year = {2008},
language = {english}
}

@article{Romatschke2011,
archivePrefix = {arXiv},
arxivId = {1106.1093},
author = {Romatschke, P. and Mendoza, M. and Succi, S},
doi = {10.1103/PhysRevC.84.034903},
eprint = {1106.1093},
issn = {0556-2813},
journal = {Physical Review C},
number = {3},
pages = {884--903},
title = {{Fully relativistic lattice Boltzmann algorithm}},
url = {http://arxiv.org/abs/1106.1093},
volume = {84},
year = {2011}
}

@article{Steinhauer2006,
author = {Steinhauer, L. and Guo, H. and Hoffman, A. and Ishida, A. and Ryutov, D.},
doi = {10.1063/1.2177635},
issn = {1070664X},
journal = {Physics of Plasmas},
number = {5},
pages = {119--138},
title = {{Modeling of field-reversed configuration experiment with large safety factor}},
volume = {13},
year = {2006}
}

@article{Zhang2007,
author = {Zhang, Haiou and Hu, Shengde and Wang, Guilan and Zhu, Jieying},
journal = {Applied Mathematical Modelling},
keywords = {lattice boltzmann method,plasma jet,simulation and modeling},
number = {6},
pages = {1124--1132},
title = {{Modeling and simulation of plasma jet by lattice Boltzmann method [Electronic resource]}},
url = {http://linkinghub.elsevier.com/retrieve/pii/S0307904X06000850},
volume = {31},
year = {2007}
}

%%%%%%%%%%%%%%%%%
%% проверить
@phdthesis{Ryzhkov2015d,
author = {{Рыжков С. В.}},
pages = {254},
address = {Москва},
title = {Построение моделей для расчета нестационарных магнитно-инерциальных систем : дис. ... д-ра физ.-мат. наук:  01.02.01 : защищена 20.09.15},
year = {2015},
language = {russian}
}
%%%%%

@article{Intrator2004,
	author = {Intrator, T. and Zhang, S. Y. and Degnan, J. H.},
	doi = {10.1063/1.1689666},
	issn = {1070664X},
	journal = {Physics of Plasmas},
	number = {5},
	pages = {2580--2585},
	title = {{A high density field reversed configuration (FRC) target for magnetized target fusion: First internal profile measurements of a high density FRC}},
	volume = {11},
	year = {2004},
	language = {english}
}

%%%author = {Аникеев, А. В. and Багрянский, П. А. and Донин, А. С. and Зайцев, К. В. and Коржавина, М. С. and Лизунов, А. А. and Ложкина, А. Н. and Максимов, В. В. and Приходько, В. В. and Солдаткина, Е. И. and Соломахин, А. Л.},

@article{anikeev2012,
	file = {:home/ivan/Documents/science/work/kd/references/experiments/2012{\_}Эксперименты на ГДЛ.pdf:pdf},
	journal = {ВАНТ. Сер. Термоядерный синтез},
	keywords = {ambipolar plugs,open magnetic traps,plasma},
	number = {4},
	pages = {3--13},
	title = {{Эксперименты по амбиполярному удержанию плазмы в установке ГДЛ / А. В. Аникеев [и др.]}},
	year = {2012},
	language = {russian}
}
